3218 5214
640 472 816 532 47..

249 639 364 724 Neque
387 637 429 705 de
451 639 521 706 sola
543 638 654 706 radice
676 638 782 706 *mea-
810 638 889 704 talia
911 638 1014 724 possis
1043 636 1237 705 contendere
1260 636 1318 706 sed

144 740 185 806 de
209 743 352 826 qualibet
375 742 626 828 indoeuropaea
649 742 768 809 radice.
808 743 896 808 Inter
923 741 1204 828 indo—europaeam
1220 742 1319 827 igitur

144 845 286 929 linguam
310 853 408 930 atque
424 866 480 912 eas
496 843 689 912 recentiores
706 866 788 928 quae
811 844 939 931 scriptis
955 844 1155 910 documentis
1171 853 1320 911 seruatae

144 955 217 1012 sunt
240 948 274 1014 id
296 951 435 1015 manime
465 948 583 1033 differt,
616 949 649 1014 in
671 948 728 1014 ilia
760 948 928 1034 plerasque
952 947 1110 1014 dictiones
1138 946 1319 1032 equadam

144 1057 237 1136 parte
268 1052 410 1137 incipere
442 1073 506 1136 qua
529 1053 600 1137 ipsa
632 1071 689 1137 per
712 1071 747 1118 se
770 1071 833 1117 non
865 1057 1030 1116 uterentur
1062 1050 1119 1116 sed
1144 1071 1226 1133 quae
1258 1058 1319 1116 ter-

145 1154 372 1221 minationibus
395 1155 447 1220 uel
471 1154 592 1220 suffixis
613 1160 646 1220 et
670 1154 945 1220 terminationibus
965 1159 1060 1219 aucta
1075 1154 1236 1239 propriam
1253 1153 1319 1220 dic-

145 1257 242 1324 tionis
275 1258 542 1342 significationem
577 1259 768 1343 exprimeret
801 1278 872 1324 eum
906 1264 1033 1323 ceterae
1071 1263 1180 1342 partes
1216 1277 1319 1341 gram·

144 1362 270 1427 maticis
293 1361 470 1430 rationibus
493 1367 689 1448 aptarentur,
722 1362 755 1426 in
778 1361 828 1428 his
852 1368 963 1428 contra
987 1381 1028 1426 ex
1055 1361 1102 1425 eis
1125 1359 1319 1425 dictionibus

145 1464 270 1549 aliquas
298 1467 512 1550 permansisse
543 1465 601 1532 sed
625 1485 680 1531 eas
704 1465 861 1531 communi
884 1464 969 1549 parti
988 1483 1051 1529 uon
1075 1462 1194 1528 relatas
1216 1480 1319 1544 neque

144 1568 242 1633 ullam
274 1587 390 1633 nouam
428 1567 602 1634 dictionem
634 1588 652 1633 e
684 1567 794 1634 radice
824 1567 923 1632 fluere
955 1566 1107 1652 potuisse.
1160 1563 1320 1642 Quocirca

144 1690 248 1754 neque
280 1671 327 1736 eis
355 1672 541 1737 assentiaris
571 1671 624 1754 qui
650 1669 815 1757 „radiocs“
850 1671 978 1735 omnino
1008 1670 1040 1734 in
1069 1667 1319 1752 indoeuropaea

145 1773 256 1857 lingua
291 1795 354 1839 non
387 1775 532 1840 extitisse
569 1773 764 1841 contendant
802 1793 905 1857 neque
943 1775 990 1840 eis
1029 1773 1082 1855 qui
1122 1770 1247 1836 radices
1286 1771 1318 1834 in

146 1878 376 1944 recentioribus
399 1877 547 1944 dialectis
569 1879 782 1963 permansisse
805 1878 936 1961 fingant.
