3218 5214
711 436 887 492 „56-

212 598 262 664 Ex
286 621 324 666 eo
348 599 505 666 uocabulo
529 607 601 665 suot
625 602 816 685 composita:
841 605 999 684 orrrcntrbr
1026 600 1074 682 „is
1098 601 1151 684 qui
1173 599 1333 668 sacrificia
1356 606 1391 667 et

214 704 347 789 hymnos
382 702 541 788 ignorat“,
569 709 800 788 puretardatas¹
836 706 910 788 ,qui
935 705 1049 769 multos
1074 704 1208 790 hymnos
1232 725 1392 770 commen·

214 805 333 888 tatur“,
358 808 570 888 drrrnrn'ntna,
595 811 780 888 sunniatas.
799 843 842 853 -
859 806 955 871 Gatb.
974 815 1103 872 oronto-
1119 807 1151 871 in
1168 807 1294 873 duobus
1316 808 1392 873 aub-

213 911 356 975 obscuris
391 911 469 974 locis
503 910 541 972 Y.
570 910 664 991 33,4
700 917 731 973 ct
755 910 809 990 46,
837 911 874 974 li
910 909 995 994 pald.
1024 918 1171 995 patinara
1207 910 1390 989 „condicio

213 1012 284 1077 lcx“
311 1012 467 1078 uocabulo
491 1012 718 1096 interpretatur
741 1020 833 1076 uetus
856 1013 999 1077 tralator.

320 1115 442 1179 Sutiixo
465 1115 572 1180 *awo
589 1115 758 1179 fomratum
771 1124 820 1179 est
836 1114 883 1179 od.
900 1119 1059 1200 empnam
1080 1117 1263 1199 ,cogitandi
1280 1114 1390 1182 aetio“

214 1219 267 1297 (Y.
301 1226 331 1289 b,
356 1220 390 1298 4)
424 1226 456 1282 ct
492 1215 659 1302 ,carrneu“
705 1219 753 1297 (in
794 1219 975 1301 fragmento
1013 1220 1072 1283 snb
1108 1217 1156 1282 Vd
1195 1219 1237 1297 11,
1269 1220 1289 1283 6
1324 1219 1393 1284 ian-

214 1321 314 1401 dato).

653 1820 950 1897 CONCLVSIO

323 2035 504 2100 Dictiormm
536 2054 667 2117 quarum
705 2035 880 2100 communis
913 2044 961 2100 est
995 2036 1087 2101 radix
1122 2035 1228 2102 *nrcn-
1263 2046 1395 2122 ,mento

215 2136 360 2221 agitarc“
391 2137 509 2202 multae
534 2137 566 2200 in
591 2137 749 2221 plerisque
785 2137 1042 2222 indo-cunmaeis
1075 2137 1223 2203 dialectis
1245 2156 1395 2223 perman·

215 2245 333 2321 serunt,
369 2237 436 2319 sed,
470 2239 495 2303 si
529 2238 673 2322 excipias
697 2258 766 2303 eam
791 2238 963 2303 dialectum
989 2260 1070 2322 quac
1102 2239 1241 2305 maxime
1264 2239 1307 2304 ad
1331 2242 1396 2305 ori-

216 2350 320 2407 entem
344 2349 479 2427 spectat,
504 2341 628 2406 scilicet
651 2340 903 2421 indo-ironicam,
929 2343 959 2406 in
978 2342 1064 2406 nulla
1079 2343 1150 2427 ipsa
1167 2341 1260 2407 radix
1284 2343 1395 2407 *arco-

215 2451 344 2509 seruata
368 2451 426 2508 cst.
467 2444 580 2526 ltaque
605 2442 703 2507 indici
725 2445 936 2525 grammatici,
962 2464 1032 2508 cnm
1050 2443 1207 2528 indagare
1223 2451 1255 2508 et
1271 2443 1395 2510 docere

216 2547 384 2611 uoluerunt
401 2545 559 2628 qnoruodo
577 2545 789 2610 sanskriticac
806 2546 934 2630 linguae
950 2545 1108 2611 dictiones
1131 2546 1394 2630 informarentur,

216 2649 342 2714 radices
375 2649 563 2713 inuenerunt
587 2655 619 2712 et
642 2648 700 2713 soii
729 2649 812 2712 inter
835 2669 944 2713 omncs
967 2650 1195 2733 grammaticos
1225 2650 1278 2732 qui
1303 2648 1396 2713 indo

216 2751 384 2836 europaeis
409 2751 525 2834 tinguis
549 2749 737 2815 stmlucrunt
761 2751 904 2814 irmcnirc
935 2758 1121 2834 potnerunt3
1162 2771 1264 2833 neque
1302 2751 1395 2816 indo·

217 2874 444 2939 europaearum
471 2854 648 2937 linguarum
675 2854 894 2936 comparatius
917 2854 1129 2936 grannnatica
1159 2855 1246 2938 prius
1273 2855 1395 2918 exoriri

217 2958 319 3042 potuit
366 2976 476 3038 quam,
523 2955 715 3020 sanskritica
755 2955 864 3035 lingua
903 2957 1049 3037 cognita,
1097 2957 1233 3041 pristina
1278 2954 1396 3020 dictio·

217 3080 291 3124 num
315 3059 499 3122 informatio
528 3068 670 3123 reserata
697 3065 755 3122 est.
795 3056 856 3134 Qui
885 3059 980 3122 [orme
1007 3057 1118 3123 ltabad
1148 3058 1256 3123 libello
1282 3057 1396 3123 titulus

217 3161 410 3243 inscribitur,
440 3163 493 3225 De
516 3183 638 3246 praeco
666 3162 779 3226 radice
803 3181 897 3241 man,
923 3180 994 3224 cnm
1013 3182 1073 3225 non
1092 3161 1291 3246 comprobes,
1316 3162 1396 3244 quia

219 3263 310 3330 radix
344 3264 454 3328 *ortena
488 3266 583 3343 (nuuc
616 3267 720 3328 *rrren-
746 3263 883 3344 diceres)
917 3263 1003 3328 nulla
1036 3264 1099 3327 iam
1130 3262 1216 3348 apud
1250 3263 1396 3329 Graecos

218 3367 359 3449 extabat,
393 3366 450 3431 sed
486 3365 704 3430 tantummodo
730 3367 828 3431 uerba
863 3375 894 3430 ct
918 3367 1076 3431 uocabula
1106 3386 1188 3448 (puae
1213 3365 1396 3431 indo-enro-

218 3491 301 3555 paca
324 3476 431 3535 aetate
455 3489 557 3551 aequm
581 3469 648 3534 iure
673 3489 690 3533 e
715 3468 824 3535 radice
848 3470 954 3535 *nien-
981 3469 1165 3554 pendebant
1188 3469 1220 3533 in
1247 3468 1309 3535 bac
1325 3468 1396 3534 dia·

219 3574 302 3638 lecto
327 3579 567 3658 permanserunt
588 3579 684 3653 atquc
708 3594 747 3636 ex
772 3574 818 3637 eis
842 3575 1013 3658 separatim
1039 3573 1175 3638 seruatis
1199 3571 1397 3637 dictionibus

219 3677 302 3741 aliae
327 3676 445 3740 multae
470 3675 635 3740 deriuatae
659 3683 731 3740 sunt
755 3695 835 3757 quas
869 3696 972 3756 nequo
997 3674 1266 3760 indo-curopacac
1289 3674 1395 3740 radici

219 3777 323 3844 *meo
346 3777 498 3842 addicere
522 3799 621 3860 queas
646 3779 794 3860 quoniam
819 3778 991 3842 aGraecis
1015 3777 1141 3842 demum
1166 3785 1239 3842 snut
1263 3785 1396 3843 creatae

219 3902 322 3963 neque
346 3901 484 3965 graecae
508 3881 610 3946 radici
634 3879 720 3959 *μεν-
738 3880 887 3963 qnoniam
914 3880 1143 3946 edictionibus
1167 3881 1231 3944 iam
1248 3879 1396 3946 formatis

220 3994 350 4050 exortae
386 3991 467 4049 suut.
515 3984 640 4048 Etenim
677 3983 762 4064 dum,
796 3984 902 4048 *meo
927 3984 1093 4047 elementis
1116 3982 1229 4047 suffixo
1253 3980 1395 4064 quodam

219 4086 342 4168 addite,
367 4106 450 4150 nona
475 4085 573 4150 dictio
599 4087 701 4151 creari
718 4094 854 4170 poterat,
880 4106 991 4151 reuera
1007 4086 1138 4151 uiuebat
1163 4084 1256 4150 radix
1273 4084 1396 4167 *orrea-3

220 4198 389 4275 postquam
413 4196 519 4253 autem
533 4189 659 4269 Graeci,
676 4188 793 4269 Latini,
808 4195 869 4252 etc.
894 4209 1003 4253 omnes
1025 4208 1125 4254 nouas
1149 4186 1307 4253 dictiones
1330 4209 1397 4253 non

220 4314 238 4357 e
262 4294 419 4357 communi
445 4291 583 4374 ‹prradam
607 4300 698 4376 parte
722 4289 826 4356 *orerr-
856 4290 912 4355 sed
938 4312 955 4354 c
979 4290 1173 4356 dictionibus
1197 4291 1259 4355 iam
1284 4297 1397 4356 extan-

221 4397 305 4460 tibus
329 4395 446 4460 duccrc
471 4396 575 4480 coepti
600 4403 681 4467 sumt,
707 4395 793 4459 nulia
816 4395 879 4458 iam
906 4402 973 4458 erat
1002 4394 1081 4458 lraee
1106 4393 1215 4473 radim
1240 4400 1272 4457 ct
1296 4413 1397 4476 quan·

221 4519 315 4580 qnam
344 4500 376 4562 in
405 4497 599 4562 sanskritiea
623 4498 730 4578 lingua
764 4497 884 4561 (liutius
908 4496 999 4578 uixit,
1031 4498 1062 4560 in
1088 4496 1264 4581 prakritica
1296 4497 1397 4563 ctiam

221 4607 364 4667 emortua
388 4609 444 4665 est.
