3218 5214
765 460 940 516 „12-

262 643 310 706 gr.
334 621 401 705 ἔβη,
434 623 498 688 skr.
523 632 596 709 pnt3
630 623 696 688 dor.
723 625 834 705 βίβᾱτι,
871 624 935 690 skr.
954 626 1060 712 J'ipdti
1094 623 1184 689 iuxta
1219 622 1437 709 abjurandi,

262 733 328 808 got.
342 728 442 812 pirnip
459 764 502 773 —
520 728 638 806 φαίνω,
663 729 794 807 munim
809 764 850 772 -
868 729 1013 807 πένομαι,
1036 731 1134 805 πῆμα.
1167 726 1240 790 sur.
1258 728 1437 808 nlrln'mdtis

265 828 453 912 „insirline“,
480 832 650 914 ripamaris
670 831 821 915 „petitio“
849 830 1006 894 urneabula
1022 839 1054 893 et
1078 829 1178 894 radiei
1206 844 1270 893 rud·
1292 828 1434 912 „muniit

262 933 316 995 niu
341 930 449 996 addici
473 939 606 1016 possunt
629 940 661 996 et
684 953 702 997 e
727 932 835 997 radice-
860 933 966 998 *nrera-
990 931 1117 1014 longius
1141 931 1262 996 distant
1287 952 1381 1014 unmn
1403 940 1437 994 ut

262 1033 314 1098 bie
331 1035 413 1098 inter
435 1043 558 1100 eeteras
574 1036 656 1099 inter
672 1056 706 1100 se
724 1045 792 1100 arte
817 1044 971 1119 eognatas
995 1035 1151 1100 dietionos
1167 1035 1377 1120 aeoipiantur.
1395 1070 1438 1080 -

263 1136 378 1202 Graeci
402 1138 550 1202 uocabuli
575 1146 680 1202 autern
705 1143 794 1216 μῆτις
821 1135 1018 1222 „sapientia“
1047 1137 1102 1207 lei.
1132 1137 1319 1218 πολύμητις,
1346 1137 1438 1212 ἀγκυ-

263 1241 416 1319 λομήτης)
433 1240 625 1322 signifieatio
642 1261 743 1322 neque
761 1241 834 1305 huie
857 1240 1039 1305 sanskritiei
1056 1242 1170 1322 nuntie
1194 1260 1296 1322 neque
1321 1239 1365 1302 illi
1391 1260 1437 1302 ra·

262 1341 344 1408 dieis
368 1343 473 1408 *meru
498 1343 661 1408 eoneiliari
686 1349 800 1428 potest.
819 1344 929 1408 -De
954 1343 1067 1425 rpribus
1092 1344 1238 1407 omnibus
1257 1344 1351 1408 rebus
1367 1343 1437 1406 snb-

262 1445 404 1510 obseuris
428 1446 556 1510 minime
580 1446 705 1530 protieit
730 1445 896 1511 disserere.

370 1548 480 1613 Utrum
505 1548 624 1614 radicis
641 1549 747 1614 *men
764 1556 796 1611 et
812 1549 944 1613 aliarum
962 1549 1109 1614 similium
1127 1548 1312 1612 affinitatem
1330 1568 1438 1629 ‹pirami-

262 1648 336 1714 dam
372 1657 510 1715 statuere
541 1650 656 1716 deeent
688 1671 819 1736 prorsus
851 1652 1005 1716 incertum
1038 1660 1096 1731 rest,
1138 1671 1208 1715 eum
1244 1650 1437 1734 significatio

263 1756 336 1822 huie
368 1757 498 1823 mininie
530 1759 639 1823 laneat
663 1760 710 1823 in:
744 1759 810 1823 skr.
836 1761 919 1824 rndti
946 1760 1126 1836 ‚,nretitur“,
1160 1779 1190 1821 u.
1217 1759 1253 1823 sl.
1279 1764 1370 1822 nre'rn
1394 1796 1435 1802 -

261 1881 309 1942 gr.
334 1861 477 1942 μέδομαι,
509 1883 585 1926 ariri.
619 1863 690 1942 nait,
715 1862 769 1925 lut.
803 1863 941 1943 predere,
975 1863 1134 1926 preditum
1158 1898 1200 1907 -
1225 1860 1272 1924 lit.
1307 1862 1436 1943 irretiti,

262 1982 292 2026 u.
322 1963 360 2027 sl.
383 1965 553 2028 semoti-iti
586 2000 627 2009 —
663 1985 711 2046 gr.
736 1964 861 2041 μελέτη.
908 1963 1051 2047 Longius
1084 1965 1180 2027 etiam
1216 1962 1336 2026 distant.
1371 1963 1436 2026 skr.

261 2067 414 2146 smdruti,
442 2071 634 2149 „menmrat“
654 2086 799 2148 quaeque
816 2068 884 2131 eius
899 2067 989 2130 uerbi
1011 2072 1168 2149 cognatae
1185 2072 1258 2129 sunt
1281 2064 1438 2128 dictiones

262 2168 293 2232 in
312 2169 426 2233 eeteris
448 2169 573 2251 linguis,
598 2170 747 2251 quoniam
771 2170 802 2233 in
821 2168 926 2233 *rrrnrr-
950 2189 1106 2251 nusquam
1123 2192 1150 2231 s·
1167 2168 1293 2232 litterae
1310 2167 1437 2231 uidetur

263 2272 443 2355 uestigium.

372 2375 405 2438 ln
431 2374 491 2440 boe
516 2375 624 2439 libello
655 2375 751 2458 igitur
779 2375 819 2439 de
847 2376 884 2440 iis
910 2374 1103 2439 dictionibus
1134 2373 1354 2440 disserendum
1388 2380 1437 2438 est

265 2477 380 2560 quibus
403 2498 474 2542 emn
499 2478 643 2543 eanrdem
669 2477 809 2542 radieem
833 2478 1086 2561 monosyllabum

839 2596 854 2633 G

790 2668 821 2704 m
840 2670 856 2705 0
876 2668 907 2704 11·

262 2808 437 2892 praebeant
473 2815 596 2891 „motus
628 2808 763 2873 mentis“
801 2809 999 2891 signitieatuu
1034 2828 1239 2890 dirarumque,
1274 2816 1307 2870 ut
1341 2828 1437 2890 supra

262 2908 465 2987 dictumest,
496 2910 599 2975 torma
623 2919 653 2975 et
679 2911 727 2974 nis
752 2933 813 2975 non
847 2912 949 2994 magis
982 2911 1101 2975 distant
1131 2931 1225 2992 ‹purm
1259 2918 1293 2974 ut
1316 2909 1437 2974 suffixis

262 3020 294 3076 et
317 3012 592 3080 terminationibus
616 3014 770 3100 explieari
794 3015 893 3100 possit
918 3035 1027 3079 earum
1051 3013 1229 3078 diuersitas.

692 3318 723 3380 11
765 3317 823 3380 bl}
848 3316 1006 3381 VERBIS

369 3493 431 3558 llie
456 3494 675 3559 tantununodo
691 3494 732 3558 de
757 3495 795 3559 iis
819 3495 925 3560 uerbis
948 3501 1062 3577 agetur
1085 3514 1168 3576 (lirare
1192 3514 1209 3557 e
1234 3493 1342 3557 radice
1367 3495 1437 3578 ipsa

261 3594 413 3680 pendent.
449 3596 488 3660 ld
504 3598 587 3661 eninr
612 3599 695 3662 inter
718 3597 999 3681 indo-europaenm
1024 3597 1166 3679 lingnam
1187 3605 1218 3660 et
1244 3597 1437 3661 recentiores

261 3717 302 3763 ex
326 3718 365 3763 eo
388 3697 503 3764 duetus
527 3699 683 3764 dialectos
708 3701 839 3764 interest
856 3698 940 3781 (iered
965 3699 998 3763 in
1023 3699 1072 3763 bis
1096 3699 1249 3783 pleraque
1267 3700 1362 3762 uerba
1381 3706 1435 3763 aiut

262 3821 302 3865 ex
327 3800 400 3866 aliis
424 3803 531 3866 uerbis
555 3809 611 3867 ant
635 3822 652 3867 e
676 3803 841 3868 uocabulis
872 3801 1068 3878 deriuantur,
1092 3803 1176 3867 illins
1207 3810 1312 3867 autem
1337 3802 1437 3865 multu

262 3912 353 3968 erant
381 3905 481 3969 uerba
508 3925 639 3986 quornm
670 3926 710 3970 ne
737 3925 833 3969 unum
862 3904 989 3987 quidem
1018 3925 1056 3968 ex
1085 3905 1148 3968 alio
1174 3906 1286 3986 quouis
1311 3904 1437 3968 uidetur

262 4013 406 4072 exortum
430 4027 499 4072 esse
523 4007 581 4072 sed
605 4007 712 4072 omma
736 4028 838 4090 aequo
873 4008 940 4071 iure
970 4027 1165 4072 eornmnnem
1195 4007 1282 4071 illurn
1312 4013 1435 4091 partem

261 4110 418 4194 praebent
452 4131 535 4193 quiae
570 4110 662 4176 radix
699 4120 851 4176 uocatur:
887 4131 969 4193 qnae
1001 4111 1099 4175 uerba
1135 4110 1296 4194 primitiuu
1337 4110 1436 4173 nomi-

262 4211 369 4277 nanda
392 4220 475 4278 sunt.
530 4213 624 4279 Unde
647 4212 774 4278 radiees
813 4215 967 4296 originem
995 4213 1124 4294 ducant,
1161 4220 1264 4277 utrum
1298 4234 1435 4294 llquunrn

261 4315 423 4401 propriam
447 4315 595 4399 degerint
628 4318 725 4381 uitam
756 4338 870 4399 arruon,
905 4316 937 4380 id
962 4317 1163 4399 grammatiei
1187 4316 1264 4379 nibil
1290 4317 1435 4389 inte1·est;

261 4418 379 4483 etenim
411 4439 445 4483 re
476 4439 552 4483 nera
588 4420 618 4483 in
651 4418 900 4503 indo-europaeo
932 4419 1041 4503 lingua
1073 4418 1213 4500 radices,
1253 4418 1367 4482 suffixa
1404 4427 1434 4481 et

262 4521 502 4585 terminationes
527 4542 629 4604 neque
654 4523 826 4606 separatim
852 4523 1033 4586 existebant
1072 4529 1103 4586 et
1144 4530 1249 4585 tamen
1290 4521 1436 4586 extitisse

263 4623 349 4690 baud
366 4623 505 4690 absurde
522 4624 586 4690 diei
604 4632 746 4711 possunt,
771 4625 920 4707 quoniam
938 4624 970 4689 in
987 4626 1084 4690 uariis
1100 4625 1294 4689 dictionibus
1310 4624 1436 4708 singula
