3218 5214
791 449 949 531 -43.

320 743 335 808 I
371 743 430 808 DE
454 742 629 808 unulcts
654 741 777 810 *MEN·
806 743 958 807 Sl‘EClE
983 742 1040 806 ET
1065 741 1424 809 slen'uuenulouu

389 935 523 1001 Radieis
546 934 651 1000 *mera
675 936 752 1000 eerti
770 935 952 1020 propriique
976 935 1053 999 lines
1070 935 1224 1019 imprimis
1240 933 1456 1016 distinguendi

283 1047 356 1105 sunt
379 1038 464 1122 (ruod
488 1038 531 1103 arl
561 1038 795 1120 assequendum
819 1039 1004 1122 aptissimae
1034 1037 1181 1101 uidentur
1210 1058 1366 1103 consonae
1393 1036 1456 1099 orel

283 1143 388 1227 potius
411 1141 575 1225 sonantes)
604 1164 638 1204 nr
662 1147 694 1204 et
718 1163 740 1204 a
764 1160 803 1204 ae
827 1140 1001 1205 (lietionnm
1026 1160 1043 1204 e
1067 1139 1176 1204 rurliee
1200 1139 1367 1204 (laetarum
1395 1139 1456 1219 sig-

283 1244 434 1310 nilieatio.

389 1348 546 1429 Namque,
564 1345 650 1428 quod
667 1344 709 1410 arl
726 1346 902 1410 uoealieam
919 1346 1075 1410 rationem
1088 1347 1212 1427 attinet,
1238 1346 1343 1409 *merr-
1363 1342 1456 1407 radix

282 1450 536 1534 uulgatissimam
560 1448 693 1512 formam
710 1447 851 1530 exhibet,
878 1468 972 1530 quarn
995 1447 1047 1511 hie
1069 1469 1131 1511 non
1152 1448 1314 1512 minimam
1332 1454 1454 1531 partem

283 1550 516 1620 eI⁴¹er·dinandi
541 1550 582 1614 de
608 1550 763 1616 Saussure
791 1551 872 1616 libro
896 1549 1086 1615 adumbrare
1109 1551 1196 1614 lubet
1213 1552 1374 1614 allenroire
1397 1570 1457 1613 sarr

283 1657 313 1721 le
336 1663 477 1743 oysteino
496 1655 655 1740 primitis
674 1654 827 1738 inscripto
844 1661 941 1737 atque
958 1674 975 1718 e
992 1654 1183 1719 lectionibus
1200 1652 1327 1735 quasin
1344 1653 1456 1717 subola

284 1760 386 1825 Ecole
410 1760 469 1824 cleo
492 1759 751 1823 Horitas-studea
774 1757 862 1822 dieta
886 1757 1007 1823 babuit.

390 1861 551 1944 Ouiusque
575 1860 641 1925 lere
671 1846 909 1945 indo-europaei
934 1859 1167 1945 morpbologiei
1193 1859 1340 1923 elementi
1356 1896 1394 1904 —
1409 1880 1457 1922 ra·

284 1964 374 2047 dieis,
399 1963 516 2045 suffixi,
541 1962 772 2028 terminationis
798 2001 836 2008 -
861 1964 1008 2029 uoealiea
1031 1984 1106 2048 pars
1123 1984 1185 2028 una
1205 1963 1381 2045 eademque.
1403 1983 1457 2026 uo·

284 2067 345 2133 eali
370 2066 507 2131 eflicitur
535 2066 625 2130 euius
653 2055 762 2129 uariae
789 2072 861 2129 sunt
878 2064 1014 2148 figurae:
1040 2066 1104 2145 (ξό
1126 2074 1181 2130 aut
1203 2086 1285 2148 quae
1302 2065 1456 2129 abicitur:

685 2178 696 2220 1
858 2179 882 2220 11
1019 2178 1057 2222 111

652 2250 726 2333 pa-
830 2252 904 2334 pot-
1007 2258 1061 2336 pr-

656 2353 726 2417 tes·
834 2354 906 2417 lus·
1014 2355 1065 2417 lca-

283 2456 318 2523 Si
343 2463 418 2522 ante
434 2455 485 2520 uel
502 2463 575 2540 post
598 2455 742 2519 uoealem
766 2456 813 2538 ‘lo
839 2462 928 2519 extat
952 2475 1015 2519 uua
1039 2457 1134 2520 exiis
1162 2456 1276 2520 litteris
1300 2476 1381 2537 quae
1406 2478 1453 2520 so-

284 2567 403 2624 nantes
419 2566 574 2623 uoeantur
598 2562 643 2642 (p,
668 2580 706 2635 w,
723 2579 752 2639 r,
770 2556 793 2639 l,
810 2582 852 2637 nr,
871 2572 916 2640 nt,
942 2581 958 2623 e
978 2558 1082 2623 uoeali
1100 2579 1212 2623 earens
1229 2560 1353 2642 speeies
1377 2559 1456 2622 alias

285 2661 420 2745 praebet
443 2660 582 2741 uocales,
606 2659 729 2725 seilicet
752 2660 860 2724 iuxta:

659 2764 689 2826 ei
740 2784 780 2827 eu
816 2784 852 2826 er
887 2764 917 2827 el
952 2786 1000 2828 ern
1038 2785 1078 2827 aa

657 2887 697 2951 pe
732 2888 779 2930 we
814 2888 851 2929 re
886 2868 916 2930 le
953 2889 1002 2930 me
1038 2889 1078 2930 ne

283 2969 384 3035 babes

658 3073 671 3137 i
737 3095 759 3137 a
816 3095 838 3159 ρ·
895 3075 912 3159 ζ
969 3098 1000 3158 qu
1049 3097 1069 3158 p

284 3194 341 3241 seu
357 3181 432 3240 ante
456 3174 601 3239 uocales:

656 3278 691 3362 ty
725 3299 779 3342 uto
816 3288 851 3340 ⁰r
887 3280 915 3343 ⁰l
951 3290 999 3342 ⁰m
1032 3288 1071 3342 (ἠ

285 3397 446 3442 meramue
469 3398 641 3444 consonam

656 3504 679 3567 y
734 3504 763 3546 w
824 3504 844 3546 r·
904 3483 916 3546 l
961 3506 994 3546 rra
1040 3504 1072 3546 a.

283 3580 395 3646 Utrum
419 3581 545 3646 litterae
568 3604 598 3669 p,
614 3584 639 3668 l,
657 3606 700 3666 qa,
718 3606 740 3666 qr-
760 3603 836 3647 uere
852 3584 980 3648 uocales
1004 3585 1067 3649 sint
1083 3605 1123 3648 an
1149 3603 1307 3648 consonae
1331 3607 1359 3663 r,
1376 3586 1398 3666 l,
1412 3609 1455 3665 nr,

283 3704 306 3746 a
322 3683 482 3747 minimam
499 3684 643 3749 uocalem
661 3684 857 3768 excipientes
870 3685 1192 3765 (l.Selnni‹lt,Ir'ritilr¹
1205 3687 1265 3749 cler
1280 3695 1454 3751 solatiatori-

284 3785 421 3860 tbeorie)
445 3806 507 3850 non
532 3785 575 3850 ad
599 3785 682 3851 bane
705 3786 960 3868 disquisitionem
984 3788 1126 3852 interest.
1173 3787 1209 3850 In
1234 3789 1455 3873 morpbologia

283 3886 383 3969 igitur
406 3887 535 3953 uocales
560 3910 586 3969 e,
611 3910 629 3953 o
654 3891 730 3970 eti,
756 3911 790 3971 u,
813 3911 845 3975 p,
867 3892 894 3975 ζ,
916 3912 960 3973 qr,
985 3912 1006 3972 p
1030 3896 1137 3971 partes
1160 3909 1288 3973 prorsus
1312 3890 1455 3957 diuersas

283 3996 395 4071 agunt,
409 3991 557 4071 quonianr
571 3989 646 4054 illae
659 3991 811 4072 utriusque
828 3989 977 4054 elementi
993 3990 1141 4074 propriae.
1154 3997 1185 4053 et
1198 3993 1348 4073 antiquae
1362 4013 1454 4058 rroea-

284 4090 330 4155 les
343 4098 429 4179 sunt,
447 4096 573 4155 ceterae
589 4098 696 4155 autem
714 4091 862 4155 fortuitae
880 4114 895 4155 e
912 4091 1016 4155 noeali
1033 4093 1170 4157 earentis
1187 4093 1306 4176 speciei
1323 4095 1454 4176 tigurae.
1511 4111 1513 4114 ·

284 4193 431 4275 Denique
455 4193 535 4259 duas
554 4194 716 4259 uocalesa
741 4194 821 4274 tssskr.
839 4197 850 4258 i
871 4224 902 4246 =
925 4195 980 4258 lat.
997 4198 1031 4273 u)
1054 4202 1086 4258 et
1109 4218 1130 4259 o
1155 4197 1232 4274 (akr.
1250 4219 1270 4260 a
1293 4228 1324 4249 =
1347 4198 1401 4262 lat.
1419 4218 1453 4277 or

284 4297 430 4361 omittere
468 4297 543 4361 lieet
577 4318 660 4379 quae
690 4298 868 4381 peculiares
903 4306 1011 4382 partos
1050 4306 1170 4382 aguut;
1218 4299 1259 4363 tle
1294 4323 1314 4364 u
1350 4304 1455 4368 troeali

285 4398 346 4464 boe
381 4399 599 4464 tantummodo
639 4408 854 4465 memoretur:
901 4402 927 4466 si
957 4402 1195 4466 terminationes
1229 4402 1383 4484 quasdam
1423 4415 1456 4470 et

283 4522 389 4585 panea
422 4502 578 4566 tinnabula
610 4504 756 4586 exeipias
779 4523 797 4567 e
820 4503 907 4568 nulla
931 4502 1039 4568 radice
1063 4502 1236 4588 pendentia
1270 4505 1364 4583 (sieut
1387 4507 1453 4572 skr.

284 4606 378 4686 deuii,
403 4626 480 4669 ann.
505 4613 614 4692 toypr,
639 4625 668 4670 u.
686 4606 722 4671 sl.
747 4609 869 4689 deuota,
894 4627 941 4690 gr.
967 4609 1058 4687 δᾱήρ,
1083 4616 1137 4671 aut
1161 4626 1190 4671 u.
1209 4607 1244 4671 sl.
1269 4608 1343 4690 solt,
1374 4631 1453 4676 arm.
