3218 5214
710 486 884 541 ..11-

214 650 425 733 usurpatorum
454 651 666 735 „mentionem
690 650 722 716 in
743 671 794 716 me
817 652 886 738 ipse
909 648 1026 734 faoio“,
1051 647 1241 716 recordandi
1267 646 1385 733 signifi·

214 752 298 816 catio
319 772 336 817 e
361 753 457 819 modii
482 757 758 823 terminationibus
780 756 914 840 uidetur¹
931 755 1083 841 pendere.

320 857 354 923 Si
388 859 477 924 lubet
509 860 627 927 radicis
650 859 754 927 *uren
786 863 850 926 uim
884 860 1013 926 detiuite
1046 861 1217 945 explicare,
1246 856 1387 924 animad-

214 960 400 1026 uertendum
430 969 479 1028 est
506 963 568 1030 hac
600 985 736 1029 unume
764 965 865 1030 tribus
896 965 1056 1030 actionum
1087 962 1259 1048 generibus
1289 961 1386 1045 signi-

215 1065 318 1146 ticari3
344 1065 384 1131 de
401 1087 463 1148 quo
480 1088 509 1132 u.
526 1067 677 1133 Varronis
693 1070 747 1134 De
763 1071 843 1154 ltnp.
868 1070 926 1134 lot.
941 1069 996 1150 VI,
1007 1070 1050 1132 42
1070 1069 1260 1153 „actionum
1283 1068 1387 1131 trium

209 1172 345 1254 primos
368 1173 516 1256 epitatus
540 1174 660 1237 mentis
683 1173 771 1256 quod
789 1174 943 1257 primum
967 1194 1007 1237 ea
1030 1193 1115 1256 quae
1138 1192 1253 1236 onmem
1276 1169 1388 1235 acturi

215 1275 360 1359 capitone
376 1275 540 1349 debemus,
565 1277 685 1340 deiude
709 1283 779 1340 tum
803 1277 912 1340 dice-re
937 1296 976 1340 uc
1001 1271 1156 1361 fucere“;
1192 1271 1304 1338 eodem
1320 1272 1388 1335 fere

215 1374 309 1440 modo
323 1375 446 1441 Acesta
459 1376 644 1461 distinguit:
669 1380 847 1460 damatam,
864 1379 1002 1443 bartam
1024 1384 1055 1442 ot
1072 1378 1305 1457 atalantam
1330 1375 1386 1439 bu·

215 1493 324 1560 urano,
349 1480 486 1562 bavaco,
511 1482 747 1566 badpaopnam.
796 1480 867 1546 Indi
891 1481 1037 1546 lubenter
1059 1478 1232 1557 oculomm‚
1265 1478 1388 1542 aurium

216 1586 249 1644 et
264 1582 378 1646 mentIs
394 1583 539 1648 actiones
554 1584 646 1648 simul
663 1590 853 1649 memorant:
874 1604 1022 1669 pacpoa,
1040 1605 1179 1669 appono,
1196 1582 1387 1662 musanell

216 1685 302 1761 (Pet.
320 1693 412 1750 wdrt.
437 1685 667 1751 subrano-11⁰
691 1686 734 1765 8).
778 1685 964 1751 Cauendum
988 1691 1036 1750 est
1059 1691 1164 1749 tamen
1181 1704 1221 1749 ne
1245 1683 1390 1749 barbaris

217 1784 397 1852 bominibus
420 1787 614 1872 explicatam
639 1795 672 1852 et
696 1788 857 1853 concisam
888 1787 975 1851 illam
1000 1785 1205 1870 cogitationis
1229 1786 1388 1851 notionem

218 1889 339 1955 tribuas
364 1910 458 1971 quarn
482 1888 664 1975 philosophi
681 1890 791 1956 eruore
816 1890 923 1955 conati
947 1896 1029 1969 sunt,
1055 1909 1125 1954 curn
1143 1897 1253 1954 contra
1270 1887 1390 1953 radicis

216 1999 321 2056 *ruera
345 2012 405 2077 ope
429 1992 507 2057 nibil
524 1994 738 2077 expresserint
760 1994 821 2058 nisi
845 1993 1026 2057 interiorem
1045 1990 1213 2074 quromdam
1237 1991 1389 2075 impetum

217 2096 379 2159 materiae
411 2095 510 2159 motui
534 2096 718 2161 similiorem
742 2115 836 2178 quam
860 2097 1002 2180 spiratus
1029 2095 1084 2173 (cf.
1101 2116 1133 2178 p.
1150 2095 1193 2159 46
1217 2092 1258 2158 de
1281 2093 1390 2177 graeei

218 2196 365 2261 uocabuli
390 2198 486 2275 μένος
510 2197 765 2281 significatione).

324 2297 458 2365 RadIcis
470 2307 573 2365 *mea-
591 2320 666 2366 usus
689 2302 720 2365 in
738 2299 891 2366 rebusad
909 2299 986 2365 deos
1009 2299 1229 2384 spectantibus
1251 2299 1390 2363 maxime

219 2399 334 2484 diguus
358 2408 407 2467 est
431 2404 484 2484 qui
507 2409 709 2468 memoretur.
749 2402 937 2486 Quanquam
962 2404 1044 2467 euim
1069 2401 1184 2467 nullius
1200 2401 1252 2466 dei
1276 2420 1390 2465 nomeu

219 2505 251 2568 iu
275 2504 418 2588 pluribus
439 2504 697 2589 iudo-europaeis
714 2506 831 2589 linguis
844 2505 995 2571 traditum
1013 2513 1061 2571 est
1078 2507 1153 2588 quin
1166 2504 1280 2570 sideris
1291 2504 1390 2585 (solis,

219 2607 322 2689 lunae,
340 2608 483 2686 statuet
501 2608 648 2674 caelestis
666 2607 830 2674 cuiusdam
847 2610 892 2674 rei
918 2613 1074 2690 (aurorae,
1092 2607 1167 2689 diei,
1184 2606 1297 2689 noctis,
1315 2609 1392 2686 etc.)

219 2730 334 2774 nomen
357 2711 408 2792 sit,
433 2717 539 2775 tamen
562 2712 593 2775 iu
611 2713 708 2777 uariis
732 2712 849 2795 linguis
871 2714 996 2798 pristini
1013 2711 1143 2776 deorum
1162 2711 1265 2776 cultus
1281 2715 1392 2775 extant

218 2813 367 2895 uestigia,
391 2814 475 2878 sicut
494 2814 683 2879 uocabulum
708 2814 772 2878 akr.
791 2817 903 2893 decute,
928 2833 957 2878 ιι.
975 2834 1077 2897 pruss.
1094 2816 1205 2895 deiros,
1230 2813 1286 2878 lat.
1300 2815 1392 2893 deus,

219 2922 275 2980 aut
287 2914 431 3000 epitheta
443 2935 461 2980 e
474 2917 589 2998 quibus
605 2916 748 2982 homines
764 2937 854 2981 sumn
871 2937 985 2982 nomen
999 2916 1158 2981 duxerunt
1171 2912 1390 3001 („terrestres“

219 3038 275 3083 seu
303 3015 507 3102 „mortales“)
532 3017 605 3082 dum
631 3018 700 3084 deis
723 3019 976 3103 opponebantur.
1016 3019 1167 3083 Diuiuum
1184 3023 1291 3082 autem
1308 3016 1393 3081 effla-

221 3128 286 3184 tum
319 3139 411 3201 quern
446 3120 477 3183 in
511 3120 671 3202 aliquibus
705 3120 885 3186 bominibus
923 3122 1114 3186 uerebantur
1147 3119 1393 3205 lndoeuropaei

220 3221 330 3287 radice
354 3221 459 3287 *raca
483 3223 696 3306 significatum
721 3243 790 3288 esse
811 3244 851 3288 ex
868 3222 1078 3288 indo-iranica
1094 3231 1125 3287 et
1142 3241 1261 3306 graeca
1284 3222 1394 3305 lingua

221 3324 339 3395 elucet:
356 3323 441 3408 apud
455 3325 652 3390 Herodotum
666 3326 749 3390 enim
764 3327 921 3410 reperias:
939 3326 1003 3390 ὑπὸ
1019 3330 1076 3391 τοῦ
1090 3330 1165 3390 θεοῦ
1183 3327 1324 3404 μαίνεται
1337 3325 1394 3406 IV,

222 3427 278 3506 793
290 3428 415 3506 ’μάντις
432 3430 459 3493 is
475 3434 524 3494 est
541 3430 594 3511 qui
612 3428 723 3493 diuina
744 3437 850 3494 mento
874 3429 1010 3494 retortus
1033 3435 1092 3508 est,
1117 3428 1157 3493 ct.
1175 3428 1241 3494 skr.
1267 3430 1393 3510 belluim

221 3530 264 3594 cf.
293 3531 390 3595 etiam
423 3552 472 3614 gr.
496 3531 622 3612 μαινάς,
652 3533 817 3613 μαινόλης,
852 3532 1012 3611 μαινολίς;
1047 3530 1112 3596 skr.
1145 3533 1310 3611 muneras,
1344 3529 1394 3595 ud.

221 3635 344 3717 madro
377 3640 410 3697 et
433 3633 498 3698 skr.
532 3637 676 3716 mooted.
724 3634 818 3718 Aliud
844 3635 987 3699 Graecos
1019 3635 1115 3712 μανία
1138 3654 1201 3698 uon
1225 3633 1325 3699 solum
1350 3632 1395 3697 di-

221 3736 330 3800 uinum
364 3735 500 3800 furorem
534 3735 591 3801 sod
624 3738 719 3801 ctiam
754 3738 897 3819 quemuis
930 3738 1025 3801 animi
1055 3737 1196 3802 ferocem
1231 3737 1395 3822 impeturn,

220 3838 316 3902 Immo
341 3836 534 3904 dementiam
551 3840 763 3922 significabat,
788 3839 873 3922 quod
891 3838 1066 3904 bellenicae
1084 3838 1216 3904 dialecti
1233 3839 1395 3924 proprium

222 3947 280 4005 est.
304 3976 349 3986 -
374 3941 512 4006 Deorum
536 3943 664 4007 nomina
687 3943 838 4007 nonnulla
854 3962 893 4006 ex
919 3941 980 4006 bac
997 3939 1106 4006 radice
1123 3961 1220 4026 saepe
1236 3941 1395 4006 duxerunt

222 4041 308 4107 docti
326 4041 469 4107 hominos
486 4046 546 4127 (gr.
564 4044 693 4126 Μοῦσα,
718 4044 773 4108 lat.
792 4046 960 4126 illinenda,
985 4046 1146 4126 ittonam,
1170 4042 1227 4108 sed
1243 4063 1283 4108 ne
1300 4063 1395 4108 unum

222 4143 350 4227 quidem
375 4166 437 4208 non
461 4146 615 4211 incertum
640 4153 705 4221 est;
729 4146 769 4211 de
787 4146 906 4211 Μοῦσα
930 4145 1011 4227 (dor.
1034 4147 1150 4229 Μῶσα,
1175 4146 1254 4212 lesb.
1272 4146 1395 4225 Μοῖσα)

224 4267 253 4312 ιι.
278 4247 525 4331 Wackemagel
560 4249 628 4313 KZ.
653 4250 811 4332 XXXIII,
841 4251 921 4331 5713
955 4248 1040 4331 quod
1064 4270 1179 4314 nomeu
1213 4269 1283 4314 cum
1319 4249 1396 4314 nulli

222 4351 354 4416 aliarum
379 4349 588 4416 dialectomm
615 4352 734 4416 nomini
758 4351 952 4436 respondeat
977 4350 1274 4438 a„comparatiua“
1294 4373 1395 4435 gram-

222 4455 341 4519 matica
363 4455 501 4519 alienum
525 4460 574 4520 est
598 4454 763 4538 indagare.

331 4558 379 4622 lle
403 4557 587 4640 gennanico
611 4554 718 4622 *varod
744 4560 822 4641 (got.
839 4561 932 4642 raupa
958 4556 1214 4642 „0⁰d⁶§‚6t>tb“‚
1240 4577 1271 4622 u.
1293 4556 1395 4621 tbiod.

223 4669 324 4744 maor,
349 4683 418 4746 ags.
442 4664 533 4744 mod)
560 4662 616 4726 uix
639 4662 810 4744 quicquam
836 4660 1007 4727 docemere
1035 4659 1153 4746 possis;
1188 4661 1231 4726 of.
1261 4661 1397 4729 fortasse
