3218 5214
721 448 896 503 ,23-

328 612 383 677 Gr.
414 613 574 692 μαίνομαι,
608 611 728 691 ἐμάνην
764 632 945 694 quanquam
981 611 1264 697 indo-europaeam
1301 611 1394 678 huius

221 716 309 779 uerbi
334 715 467 798 liguram
492 716 611 799 optime
635 716 784 796 seruauit,
821 716 981 799 propriam
1014 715 1279 797 significationem
1303 736 1394 780 acce-

221 819 278 903 pit,
303 839 385 901 quae
409 839 427 882 e
450 818 586 903 pristina
610 819 794 902 longissime
822 818 937 899 distat3
963 818 1004 884 cl.
1023 819 1120 883 etiam
1148 818 1272 899 μαινὰς,
1298 821 1395 897 μανία

221 942 303 1004 (quae
338 941 355 984 c
389 923 555 999 μαίνεσθαι
591 921 689 986 uerbo
722 919 869 985 deriuata
904 926 990 1001 sunt3
1031 922 1198 999 μαίνεσθαι
1233 920 1394 1003 significat

222 1025 369 1105 „fure1·e“
393 1033 426 1089 et
442 1045 504 1087 non
521 1024 622 1088 solurn
639 1022 678 1088 de
696 1023 875 1088 horninibus
898 1021 956 1088 sed
980 1023 1077 1087 etiarn
1102 1022 1142 1087 de
1160 1022 1253 1088 hasta
1277 1023 1395 1088 dicitur

220 1133 261 1207 (u.
287 1128 380 1191 Horn.
406 1127 655 1208 011131175,
680 1128 771 1208 etc.)3
797 1126 839 1191 cf.
865 1125 947 1190 infra
970 1127 1077 1204 μένος.
1113 1125 1275 1210 Optimum
1289 1146 1393 1191 excin-

221 1229 306 1314 plunr
329 1230 463 1314 praebet
487 1229 594 1293 0128

328 1334 507 1411 μαινόμενε,
532 1333 654 1411 φρένας
678 1333 744 1410 ήλέ,
768 1333 959 1410 διέφθορας·
984 1330 1003 1409 ἦ
1029 1331 1118 1395 νύτοι
1142 1330 1248 1408 αὔτως

326 1435 416 1499 οὔατ’
440 1434 596 1512 ἀκουέμεν
620 1434 698 1516 ἔστι,
724 1435 801 1512 νόος
826 1436 854 1498 δ’
879 1434 1030 1498 ἀπόλωλε
1054 1435 1105 1497 καὶ
1129 1433 1227 1511 αἰδώς

221 1537 399 1602 Perfectum
425 1539 546 1615 μέμονα
570 1538 666 1601 etiam
690 1558 805 1601 nouam
829 1537 1096 1620 significationem
1113 1535 1212 1600 habet
1228 1536 1259 1599 in
1285 1536 1393 1600 0413

325 1646 369 1718 πῆ
394 1641 549 1719 μέματον;
574 1641 602 1703 ri
627 1640 807 1719 cemandri
834 1641 931 1719 φρεσὶ
956 1640 1097 1718 μαίνεται
1122 1637 1218 1724 ἦτορ-ς

220 1743 386 1821 Quomodo
411 1744 579 1821 μαίνεσθαι
602 1743 692 1807 uerbi
722 1742 915 1825 significatio
948 1742 989 1807 sit
1025 1746 1218 1806 commutata
1254 1740 1393 1825 perspici

219 1867 280 1910 non
305 1852 411 1930 potest
435 1847 583 1928 quoniam
608 1846 670 1909 ianr
696 1846 853 1909 Homerus
888 1865 926 1910 eo
961 1845 1060 1909 uerbo
1094 1844 1141 1908 sic
1176 1844 1275 1908 utitur
1306 1844 1395 1908 uelut

219 1947 333 2028 Attiou
369 1947 402 2012 id
427 1947 521 2012 niodo
546 1948 648 2012 conici
674 1955 816 2031 oportet;
852 1949 1019 2026 μαίνεσθαι
1044 1945 1084 2011 de
1109 1947 1155 2011 eis
1179 1945 1243 2011 dici
1268 1946 1392 2011 solebat

220 2049 283 2131 qni,
320 2070 391 2114 eum
415 2051 473 2115 sub
498 2049 559 2113 deo
584 2055 700 2131 essent,
737 2049 836 2113 multa
864 2050 896 2112 in
920 2056 1025 2112 mente
1050 2047 1212 2112 habebant
1236 2048 1288 2113 uel
1311 2068 1393 2111 eorn-

218 2149 452 2230 rneutabantur,
478 2159 510 2213 et
527 2152 736 2230 βακχεύοντες
761 2158 866 2232 erant3
892 2171 931 2216 ac
955 2150 995 2215 de
1012 2150 1082 2216 deis
1099 2149 1302 2232 quibusdam:
1328 2171 1393 2228 μαι·

218 2251 368 2328 νομένοιο
392 2253 580 2318 Διωνύσοιο
605 2255 713 2319 2132
741 2262 796 2319 aut
819 2253 938 2319 Aesch.
964 2253 1098 2339 Septem
1122 2254 1187 2318 343

508 2357 700 2434 μαινόμενος
726 2358 754 2420 δ’
778 2357 905 2421 ἐπιπνεῖ
929 2356 1093 2435 λαοδάμας

508 2462 641 2538 μιαίνων
666 2461 834 2540 εὐσέβειαν
857 2459 955 2539 Ἄρης

219 2559 424 2639 Μαινομένου
449 2551 621 2645 imaginem
645 2562 736 2626 linxit
760 2561 939 2648 Aeschylus
965 2564 1097 2648 Septem
1120 2563 1184 2627 497

432 2664 529 2742 αὐτὸς
555 2662 583 2729 δ’
608 2665 816 2743 ἐπηλάλαξεν,
841 2666 953 2743 ἔνθεος
978 2663 1006 2729 δ’
1031 2664 1118 2744 Ἄρει

432 2773 532 2849 βακχᾷ
556 2770 638 2846 πρὸς
663 2767 763 2847 ἀλκὴν
787 2769 886 2846 Θυιὰς
910 2769 956 2846 ὣς
980 2769 1087 2848 φόβον
1112 2770 1250 2848 βλέπων.

218 2867 282 2932 Sed
307 2890 363 2934 cur
387 2877 419 2933 et
443 2869 601 2951 quomodo
626 2872 775 2949 μαίνομαι
799 2872 845 2935 sic
869 2869 911 2935 ad
936 2870 1078 2935 diuinum
1114 2870 1256 2936 efflatum
1285 2871 1390 2955 expri-

217 2971 364 3036 rnendunr
383 2972 552 3055 quenulam
577 2979 721 3057 aptatum
746 2974 787 3038 sit
809 2975 949 3038 nescitur
973 2974 1027 3053 (cf.
1044 2973 1129 3038 inira
1152 2973 1218 3038 skr.
1236 2979 1390 3058 nucupata,

217 3095 248 3159 p.
273 3076 340 3156 bl).
376 3111 419 3120 —
454 3076 481 3139 E
506 3083 674 3160 praesente
710 3077 859 3154 μαίνομαι
893 3084 925 3140 et
959 3077 1078 3141 aoristo
1112 3076 1233 3155 ἐμάνην
1267 3077 1389 3140 uniuer-

217 3197 285 3241 sam
320 3176 567 3242 declinationem
603 3177 762 3242 duxerunt
796 3179 927 3242 Graeci:
963 3178 1044 3263 perf.
1076 3179 1213 3258 μέμηνα;
1249 3179 1389 3242 actiuurn

217 3280 330 3360 μαίνω,
349 3280 464 3361 lunum
490 3280 547 3344 fut.
562 3282 758 3361 μανήσομαι;
775 3287 847 3364 ete,
865 3301 960 3364 quarn
977 3281 1028 3346 hic
1045 3301 1221 3347 memorare
1237 3281 1316 3346 satis
1333 3286 1390 3346 est.

359 3467 376 3519 3
404 3465 456 3519 Dr:
477 3465 615 3522 VERBIS
635 3467 675 3521 IN
696 3465 834 3531 QVIBVS
854 3465 1020 3522 NASALIS
1040 3453 1244 3521 lNFIGlTVR

326 3588 430 3652 Verba
453 3610 476 3651 α
500 3589 624 3653 litterae
658 3588 775 3653 infixae
803 3609 863 3673 cpe
893 3589 1030 3653 formata
1053 3589 1147 3652 aliern
1172 3588 1244 3654 aliis
1267 3588 1300 3652 in
1324 3587 1391 3652 dia·

216 3690 308 3755 lectis
336 3690 469 3774 liguram
494 3692 540 3756 ita
568 3691 720 3757 exhibent
743 3699 778 3755 ut
802 3712 905 3773 neque
935 3711 1006 3757 earn
1031 3692 1220 3756 uarietatem
1255 3690 1296 3755 ad
1325 3691 1391 3755 uni-

216 3799 314 3857 tatem
331 3792 478 3876 redigere
499 3815 601 3877 neque
625 3794 907 3879 indo-europaeum
927 3814 1028 3859 rerum
1053 3801 1170 3859 statum
1197 3803 1283 3860 certe
1308 3813 1390 3859 rese-

215 3914 285 3960 rare
302 3915 409 3977 queas.

323 3997 415 4076 Quod
440 3997 480 4062 ad
506 3999 728 4065 formationem
752 4001 901 4085 pertinet,
938 4021 956 4064 e
984 4001 1211 4067 recentissimis
1244 4000 1390 4082 disquisi-

216 4101 356 4175 tionibus
373 4102 477 4166 elucet
494 4103 580 4167 *-ne·
604 4103 689 4186 quod
706 4105 738 4167 in
755 4102 862 4168 inedia
886 4103 995 4168 radice
1021 4103 1109 4187 infigi
1135 4103 1262 4168 uidetur
1278 4123 1390 4169 reuera

215 4203 298 4268 inter
322 4204 463 4270 radicem
489 4205 654 4289 pristinam
679 4213 711 4271 et
734 4206 881 4271 suffixum
915 4206 1075 4289 quoddam
1101 4208 1151 4271 uel
1176 4207 1238 4271 iarn
1267 4227 1307 4271 ex
1332 4227 1390 4273 usu

215 4328 377 4392 egressum
402 4308 453 4372 uel
478 4309 579 4373 minus
603 4311 804 4394 perspicuum
828 4309 927 4392 infigi,
952 4310 1034 4375 sicut
1058 4311 1105 4374 in:

322 4411 379 4475 lat.
403 4412 530 4476 ool-ao
745 4412 811 4476 skr.
836 4415 948 4500 epitriti
972 4415 1198 4500 deponenti).

216 4515 254 4578 ln
279 4513 333 4579 illo
358 4521 479 4578 autern:

324 4616 389 4682 akr.
413 4620 595 4705 ρα-ιι-αΊι-ιὲ
741 4620 798 4683 lat.
823 4621 966 4705 ta-a-p-r't
