3218 5214
717 463 890 517 -13..

214 623 320 690 multis
342 622 446 689 modis
466 626 753 690 commutabantur.
790 625 824 691 Si
850 626 921 709 quis
949 626 1047 709 igitur·
1071 623 1111 690 de
1140 624 1249 691 radice
1266 625 1391 691 *leikw-

215 727 367 812 disputat,
400 728 478 792 nihil
503 728 595 811 tingit
618 730 678 793 nisi
704 749 743 793 ea
766 729 924 794 elementa
948 731 969 811 l,
996 732 1049 811 (ne),
1074 731 1096 810 i,
1121 731 1165 793 k¹⁰
1191 736 1388 793 communem

215 840 423 913 cognatarum
448 831 622 896 dictionum
646 839 769 916 partem
794 852 876 914 csse,
900 853 1032 915 quorum
1056 832 1126 897 loeo
1150 832 1215 897 alia
1239 832 1389 897 collocari

214 941 361 1017 poterant
385 942 460 998 ante
493 934 606 998 eadem
630 934 746 998 suffixa
769 941 801 998 et
825 933 955 1000 easdem
984 934 1225 999 terminationes
1258 941 1293 998 ut
1326 933 1391 999 alia

214 1036 406 1119 significatio
431 1037 677 1121 exprimeretur:

325 1142 353 1203 1.
387 1160 491 1225 praes.
516 1161 565 1224 gr.
591 1141 701 1222 λείπω,
725 1141 771 1204 lit.
796 1141 873 1204 letio
898 1177 940 1186 —
954 1160 1020 1204 aon.
1045 1161 1093 1223 gr.
1117 1139 1230 1204 ἔλιπον

322 1245 353 1306 2.
389 1263 493 1327 praes.
527 1242 592 1309 skr.
618 1244 746 1327 ricyrite
770 1249 803 1308 et
826 1247 954 1328 rtoyote
977 1280 1021 1289 -
1045 1264 1111 1308 aor.
1136 1264 1184 1326 gr.
1209 1244 1322 1322 ἐλίπην

321 1346 353 1409 3.
389 1365 493 1430 praes.
518 1345 583 1409 skr.
608 1347 746 1427 riadlrtr‘,
772 1365 802 1410 u.
828 1366 929 1430 pruss.
954 1347 1073 1428 diota,
1097 1346 1152 1411 lat.
1177 1347 1291 1430 linquo

322 1449 352 1510 4.
390 1469 455 1512 aor.
481 1448 574 1530 sigm.
598 1447 664 1512 skr.
689 1450 790 1513 draiie

323 1549 354 1614 ὁ.
390 1570 495 1634 praes.
519 1549 585 1615 sinu
603 1553 755 1637 reectyati
779 1551 833 1631 (of.
847 1551 893 1616 lit.
907 1551 1029 1636 loti-’yti
1044 1549 1194 1637 „tenere“
1210 1551 1390 1616 factitiuum

216 1652 409 1716 intransitiui
431 1653 530 1733 deira,
561 1672 611 1716 ex.
636 1673 683 1736 gr.
718 1653 750 1717 iu
773 1653 896 1736 ididiae,
932 1654 1043 1735 totana
1080 1654 1194 1738 „dhrig
1227 1651 1391 1733 bleibcn“)

217 1755 579 1836 -mffimffl

323 1858 354 1922 6.
389 1858 469 1943 peri.
496 1859 641 1940 λέλοιπα,
665 1858 729 1924 skr.
753 1861 874 1933 rirdco,
899 1859 941 1924 cf.
965 1865 1032 1942 got.
1058 1859 1159 1924 laidw

325 1962 354 2024 Ἰ.
388 1981 436 2044 gr.
462 1961 586 2042 λοιπός,
612 1981 642 2025 u.
667 1961 704 2026 sl.
728 1962 817 2027 -de'kri

323 2065 354 2127 8.
390 2063 455 2127 skr.
480 2065 598 2146 riktda,
624 2063 670 2128 lit.
696 2064 809 2146 iiktaa,
833 2064 888 2128 lat.
912 2065 1025 2130 -lictao

323 2167 354 2231 9.
389 2165 455 2231 skr.
479 2167 639 2249 ailredo,
664 2166 719 2230 iat.
743 2167 860 2232 diceros
885 2167 939 2246 (i).

217 2269 311 2334 Talia
350 2267 599 2352 indo-europaca
641 2275 749 2333 aetate
787 2269 958 2350 extabant,
998 2289 1131 2351 quorum
1169 2269 1392 2354 plerorumque

217 2389 427 2453 unaquaeque
444 2368 600 2434 dialectos
624 2371 778 2435 iacturam
796 2371 886 2454 feeit,
910 2371 975 2436 alia
991 2373 1036 2436 ita
1052 2372 1218 2437 coniunxit
1241 2379 1276 2436 ut
1292 2371 1391 2437 dictio

217 2472 375 2557 quaedam
404 2493 443 2537 ex
467 2472 570 2537 altera
594 2472 790 2538 descendere
820 2472 983 2539 uideretur
1018 2477 1082 2553 (ex.
1106 2496 1154 2559 gr.
1180 2474 1226 2539 lit.
1251 2475 1390 2540 Idikara:

217 2578 317 2659 todia),
341 2576 535 2658 reliquorum
559 2576 781 2659 cognationem
806 2597 935 2661 prorsus
959 2577 1073 2641 obruit.

324 2678 512 2761 Qua-nquam
537 2698 575 2742 ca
599 2679 706 2743 omnia
739 2699 821 2762 qnae
852 2700 949 2765 snpra
982 2691 1168 2745 enumerata
1197 2687 1270 2745 sunt
1293 2680 1392 2746 uerba

217 2781 319 2847 radici
342 2779 516 2865 separatim
549 2780 732 2845 addicenda
764 2790 846 2864 sarrit,
881 2790 987 2847 tamen
1010 2784 1189 2867 praesentis
1217 2791 1249 2847 et
1281 2784 1392 2847 aoristi

218 2884 337 2950 formas
361 2884 452 2949 simul
482 2884 625 2969 proferre
649 2885 779 2969 placuit,
814 2885 891 2967 quia
914 2883 1164 2970 indo-europaeo
1197 2886 1261 2950 iam
1285 2891 1392 2950 aetate

218 2987 381 3052 ambarum
406 2988 581 3052 communis
603 2997 672 3052 erat
697 2987 890 3072 significatio
918 3007 978 3052 nec
1007 2989 1177 3070 quicquam
1194 2987 1283 3053 aliud
1309 2987 1393 3063 inter

218 3110 273 3155 eas
295 3088 465 3154 differebat
489 3090 550 3154 nisi
575 3089 636 3154 hac
659 3111 779 3156 meram
803 3091 961 3155 actionem
985 3091 1101 3172 notari,
1131 3090 1187 3155 ilia
1211 3098 1317 3156 autem
1341 3110 1392 3155 ao·

218 3193 335 3258 tionem
366 3193 518 3277 temporis
547 3191 708 3275 quoddam
741 3194 879 3277 spatium
904 3191 979 3256 dum
1007 3192 1042 3256 fit
1072 3199 1294 3278 occupantem.
1343 3193 1391 3257 Ea

165 3341 169 3354 .
217 3294 396 3379 praesentis
409 3303 441 3358 et
454 3295 564 3359 aoristi
578 3295 761 3378 coniugatio
778 3295 811 3359 in
823 3295 1045 3380 plerarumque
1064 3296 1242 3378 linguarum
1259 3295 1393 3360 historia

218 3398 347 3462 maximi
372 3397 434 3462 fuit
458 3397 608 3462 momenti
632 3405 664 3463 et
687 3397 762 3462 indo
786 3399 960 3463 extiterunt
986 3397 1230 3481 uniuscuiusque
1246 3397 1336 3464 uerbi
1360 3399 1393 3462 in

218 3499 361 3566 armenia
384 3499 502 3583 lingua,
526 3501 559 3564 in
583 3500 714 3582 classica,
739 3500 772 3564 in
799 3500 927 3582 baltico,
952 3499 986 3564 in
1010 3501 1205 3583 germanica,
1240 3502 1271 3565 in
1293 3500 1393 3566 latina

220 3602 302 3667 duae
331 3601 458 3686 stirpes,
493 3603 525 3666 in
549 3603 655 3667 multis
687 3603 794 3667 uerbis
818 3602 1064 3667 diuersissimas.
1111 3601 1176 3667 Sed
1207 3623 1277 3667 eum
1311 3603 1393 3668 haee

219 3705 397 3790 praesentis
421 3712 452 3769 ot
476 3706 585 3771 aoristi
611 3707 794 3789 coniugatio
819 3706 850 3770 in
872 3705 957 3770 diem
981 3706 1157 3788 crescebat,
1183 3712 1249 3770 tum
1273 3713 1392 3771 cetera·

219 3829 287 3872 rum
321 3808 491 3872 formarum
526 3807 676 3873 cohaesio
700 3808 910 3889 minuebatur,
947 3817 979 3872 ct
1003 3809 1035 3872 in
1059 3828 1250 3891 unaquaque
1282 3809 1393 3893 lingua

219 3911 487 3995 indoeuropaeae
511 3909 727 3976 abundantiae
745 3931 849 3994 lrauea
866 3917 1106 3994 permanserunt
1123 3911 1271 3994 uestigia,
1297 3932 1392 3994 quam

219 4021 325 4078 tarrren
350 4021 491 4078 statuere
515 4020 641 4097 oportet
666 4020 701 4077 ut
723 4034 762 4078 ca
784 4014 890 4079 omnia
914 4013 1058 4098 explices
1081 4033 1163 4096 quac
1187 4014 1220 4077 in
1244 4013 1393 4080 dialectis

219 4117 343 4181 iuuenis
366 4137 468 4198 ncquc
494 4137 602 4180 earum
624 4117 761 4200 propriis
789 4116 914 4198 legibus
939 4115 1102 4200 explicare
1126 4117 1239 4200 possis.
1280 4117 1392 4199 Neque

219 4228 324 4283 tamen
350 4240 388 4282 oa
412 4219 505 4283 nimis
540 4219 639 4283 multa
663 4219 830 4283 uerborum
854 4239 975 4302 genera
1000 4218 1050 4282 iric
1081 4218 1298 4284 enumcramla
1320 4226 1393 4285 sumt

220 4342 302 4404 quac
328 4323 460 4387 Carolus
482 4323 665 4403 Brugmann
690 4324 721 4386 in
747 4343 803 4387 οπο
821 4324 1010 4387 (arriano-to
1033 4323 1155 4404 statuit,
1181 4321 1238 4387 sed
1263 4343 1303 4387 ea
1325 4331 1393 4388 tan-

219 4424 382 4489 tummodo
400 4445 482 4507 quam
506 4432 538 4489 ct
554 4425 684 4509 propria
707 4425 930 4489 intimnatione
947 4433 980 4488 ot
996 4425 1143 4508 praecisa
1158 4425 1392 4508 significatione

220 4526 417 4610 distinguere
440 4527 525 4592 iicet.
